@article{christ2012consistent,
  title={Consistent digital line segments},
  author={Christ, Tobias and P{\'a}lv{\"o}lgyi, D{\"o}m{\"o}t{\"o}r and Stojakovi{\'c}, Milo{\v{s}}},
  journal={Discrete \& Computational Geometry},
  volume={47},
  number={4},
  pages={691--710},
  year={2012},
  publisher={Springer}
}

@inproceedings{bouts2016mapping,
  title={Mapping Polygons to the Grid with Small Hausdorff and Fr{\'e}chet Distance},
  author={Bouts, Quirijn W and Irina Kostitsyna, Irina and van Kreveld, Marc and Meulemans, Wouter and Sonke, Willem and Verbeek, Kevin},
  booktitle={24th Annual European Symposium on Algorithms (ESA 2016)},
  year={2016},
  organization={Schloss Dagstuhl-Leibniz-Zentrum fuer Informatik}
}

@inproceedings{loffler2017discretized,
  title={Discretized approaches to schematization},
  author={L{\"o}ffler, Maarten and Meulemans, Wouter},
  booktitle={Proceedings of the 29th Canadian Conference on Computational Geometry},
  year={2017}
}

@article{harvey1999computing,
  title={Computing two-dimensional integer hulls},
  author={Harvey, Warwick},
  journal={SIAM Journal on Computing},
  volume={28},
  number={6},
  pages={2285--2299},
  year={1999},
  publisher={SIAM}
}

@article{de2007intersection,
  title={An intersection-sensitive algorithm for snap rounding},
  author={de Berg, Mark and Halperin, Dan and Overmars, Mark},
  journal={Computational Geometry},
  volume={36},
  number={3},
  pages={159--165},
  year={2007}
}

@article{chun2009consistent,
  title={Consistent digital rays},
  author={Chun, Jinhee and Korman, Matias and N{\"o}llenburg, Martin and Tokuyama, Takeshi},
  journal={Discrete \& computational geometry},
  volume={42},
  number={3},
  pages={359--378},
  year={2009},
  publisher={Springer}
}

@article{klette2004digital,
  title={Digital straightnessâ€”a review},
  author={Klette, Reinhard and Rosenfeld, Azriel},
  journal={Discrete Applied Mathematics},
  volume={139},
  number={1-3},
  pages={197--230},
  year={2004}
}

@book{klette2004digitalgeometry,
  title={Digital geometry: Geometric methods for digital picture analysis},
  author={Klette, Reinhard and Rosenfeld, Azriel},
  year={2004},
  publisher={Elsevier}
}


@inproceedings{goethem2017painter,
  author    = {Arthur van Goethem and
               Irina Kostitsyna and
               Marc J. van Kreveld and
               Wouter Meulemans and
               Max Sondag and
               Jules Wulms},
  title     = {The {P}ainter's {P}roblem: Covering a Grid with Colored Connected Polygons},
  booktitle = {Graph Drawing and Network Visualization - 25th International Symposium,
               {GD} 2017},
  pages     = {492--505},
  series    = {Lecture Notes in Computer Science},
  volume    = {10692},
  publisher = {Springer},
  year      = {2018}
}

@inproceedings{chun2019consistent,
author = {Jinhee Chun and Kenya Kikuchi and Takeshi Tokuyama},
title ={Consistent Digital Curved Rays},
booktitle= {Abstracts of the 34th European Workshop on Computational Geometry},
year = 2019
}

@inproceedings{Althaus04,
  author    = {Ernst Althaus and
               Friedrich Eisenbrand and
               Stefan Funke and
               Kurt Mehlhorn},
  title     = {Point containment in the integer hull of a polyhedron},
  booktitle = {Proceedings of the 15th Annual {ACM-SIAM} Symposium on Discrete
               Algorithms (SODA)},
  pages     = {929--933},
  year      = {2004}
}

@article{Harvey99,
  author    = {Warwick Harvey},
  title     = {Computing Two-Dimensional Integer Hulls},
  journal   = {{SIAM} Journal on Computing},
  volume    = {28},
  number    = {6},
  pages     = {2285--2299},
  year      = {1999}
}

@article{hershberger,
  author    = {John Hershberger},
  title     = {Stable snap rounding},
  journal   = {Computational Geometry},
  volume    = {46},
  number    = {4},
  pages     = {403--416},
  year      = {2013}
}


@inproceedings{guibas,
  author    = {Michael T. Goodrich and
               Leonidas J. Guibas and
               John Hershberger and
               Paul J. Tanenbaum},
  title     = {Snap Rounding Line Segments Efficiently in Two and Three Dimensions},
  booktitle = {Proceedings of the 13th Annual Symposium on Computational Geometry (SoCG)},
  pages     = {284--293},
  year      = {1997}
}



